<record><leader>00000cas a2200000 a 4500</leader><controlfield tag="001">25611041</controlfield><controlfield tag="008">920408d18941894iludn ne      0   a0eng c</controlfield><datafield ind1=" " ind2=" " tag="010"><subfield code="a">sn 92053832 </subfield></datafield><datafield ind1=" " ind2=" " tag="040"><subfield code="a">NVF</subfield><subfield code="b">eng</subfield><subfield code="c">NVF</subfield><subfield code="d">OCLCQ</subfield><subfield code="d">NVF</subfield><subfield code="d">OCLCO</subfield><subfield code="d">OCLCQ</subfield><subfield code="d">NVF</subfield><subfield code="d">OCLCO</subfield></datafield><datafield ind1="1" ind2=" " tag="029"><subfield code="a">AU@</subfield><subfield code="b">000020745093</subfield></datafield><datafield ind1=" " ind2=" " tag="042"><subfield code="a">pcc</subfield></datafield><datafield ind1=" " ind2=" " tag="043"><subfield code="a">n-us-il</subfield></datafield><datafield ind1="0" ind2=" " tag="130"><subfield code="a">Daily tribune (Chester, Ill.)</subfield></datafield><datafield ind1="1" ind2="4" tag="245"><subfield code="a">The Daily tribune.</subfield></datafield><datafield ind1=" " ind2=" " tag="260"><subfield code="a">Chester, Ill. :</subfield><subfield code="b">Pyron &amp; Howorth,</subfield><subfield code="c">1894.</subfield></datafield><datafield ind1=" " ind2=" " tag="300"><subfield code="a">v.</subfield></datafield><datafield ind1=" " ind2=" " tag="310"><subfield code="a">Daily (during the Chester Fair)</subfield></datafield><datafield ind1="0" ind2=" " tag="362"><subfield code="a">Oct. 10-13, 1894.</subfield></datafield><datafield ind1=" " ind2="0" tag="650"><subfield code="a">Agricultural exhibitions</subfield><subfield code="z">Illinois</subfield><subfield code="z">Randolph</subfield><subfield code="z">Chester</subfield><subfield code="v">Newspapers.</subfield></datafield><datafield ind1=" " ind2="0" tag="650"><subfield code="a">Fairs</subfield><subfield code="z">Illinois</subfield><subfield code="z">Randolph</subfield><subfield code="z">Chester</subfield><subfield code="v">Newspapers.</subfield></datafield><datafield ind1=" " ind2="0" tag="651"><subfield code="a">Chester (Ill.)</subfield><subfield code="v">Newspapers.</subfield></datafield><datafield ind1=" " ind2=" " tag="752"><subfield code="a">United States</subfield><subfield code="b">Illinois</subfield><subfield code="c">Randolph</subfield><subfield code="d">Chester.</subfield></datafield><datafield ind1="0" ind2=" " tag="775"><subfield code="t">Chester tribune</subfield><subfield code="w">(DLC)sn 84038375</subfield><subfield code="w">(OCoLC)11286009</subfield></datafield></record>